@misc{cockroachdocker,
    author    = "Cockroach Labs",
    title     = "Start a Cluster in Docker (Insecure), https://www.cockroachlabs.com/docs/stable/start-a-local-cluster-in-docker-linux.html",
    url       = "https://www.cockroachlabs.com/docs/stable/start-a-local-cluster-in-docker-linux.html"
}

@misc{docker-bridge,
    author    = "docker docs",
    title     = "Use bridge networks, https://docs.docker.com/network/bridge/",
    url       = "https://docs.docker.com/network/bridge/"
}

@misc{cockroach-cert,
    author    = "Cockroach Labs",
    title     = "cockroach cert, https://www.cockroachlabs.com/docs/v19.2/cockroach-cert.html",
    url       = "https://www.cockroachlabs.com/docs/v19.2/cockroach-cert.html"
}


@misc{cockroach-security,
    author    = "Cockroach Labs",
    title     = "Start a Local Cluster (Secure), https://www.cockroachlabs.com/docs/stable/secure-a-cluster.html",
    url       = "https://www.cockroachlabs.com/docs/stable/secure-a-cluster.html"
}

@misc{cockroach-github,
    author    = "cockroachdb",
    title     = "CockroachDB on GitHub, https://github.com/cockroachdb/cockroach",
    url       = "https://github.com/cockroachdb/cockroach"
}

@misc{cockroach-wired,
    author    = "Klint Finley",
    title     = "Ex-Googlers Get Millions to Help You Build the Next Google, https://www.wired.com/2015/06/cockroach-labs/",
    url       = "https://www.wired.com/2015/06/cockroach-labs/"
}

@misc{cockroach-license,
    author    = "Peter Mattis, Ben Darnell, Spencer Kimball",
    title     = "Why Weâ€™re Relicensing CockroachDB, https://www.cockroachlabs.com/blog/oss-relicensing-cockroachdb/",
    url       = "https://www.cockroachlabs.com/blog/oss-relicensing-cockroachdb/"
}

@misc{cockroach-pricing,
    author    = "Cockroach Labs",
    title     = "CockroachDB Pricing, https://www.cockroachlabs.com/pricing",
    url       = "https://www.cockroachlabs.com/pricing"
}

@misc{cockroach-architecture,
    author    = "Cockroach Labs",
    title     = "Architecture Overview, https://www.cockroachlabs.com/docs/stable/architecture/overview.html",
    url       = "https://www.cockroachlabs.com/docs/stable/architecture/overview.html"
}

@misc{cockroach-newstack,
    author    = "Jessica Edwards",
    title     = "Hello World: Meet CockroachDB, the Resilient SQL Database, https://thenewstack.io/cockroachdb-unkillable-distributed-sql-database/",
    url       = "https://thenewstack.io/cockroachdb-unkillable-distributed-sql-database/"
}

@misc{cockroach-architecture-overview,
    author    = "Cockroach Labs",
    title     = "Architecture Overview, https://www.cockroachlabs.com/docs/stable/architecture/overview.html",
    url       = "https://www.cockroachlabs.com/docs/stable/architecture/overview.html"
}

@misc{cockroach-vectorizing-joiner,
    author    = "George Utsin",
    title     = "Vectorizing the Merge Joiner in CockroachDB, https://www.cockroachlabs.com/blog/vectorizing-the-merge-joiner-in-cockroachdb/",
    url       = "https://www.cockroachlabs.com/blog/vectorizing-the-merge-joiner-in-cockroachdb/"
}

@misc{acid-rain-paper,
    author    = "Todd Warszawski, Peter Bailis",
    title     = "ACIDRain: Concurrency-Related Attacks on Database-Backed Web Applications, http://www.bailis.org/papers/acidrain-sigmod2017.pdf",
    url       = "http://www.bailis.org/papers/acidrain-sigmod2017.pdf"
}

@misc{cockroach-sql-feature-support,
    author    = "Cockroach Labs",
    title     = "SQL Feature Support in CockroachDB v19.2, https://www.cockroachlabs.com/docs/stable/sql-feature-support.html",
    url       = "https://www.cockroachlabs.com/docs/stable/sql-feature-support.html"
}

@misc{cockroach-sql-joins,
    author    = "Cockroach Labs",
    title     = "Join Expressions, https://www.cockroachlabs.com/docs/stable/joins.html",
    url       = "https://www.cockroachlabs.com/docs/stable/joins.html"
}

@misc{cockroach-youtube-architecture,
    author    = "CockroachDB",
    title     = "Cockroach Labs Live: The architecture of a Distributed SQL Database - 2020 Update, https://www.youtube.com/watch?v=cnqIIF0rdvY&feature=emb_title",
    url       = "https://www.youtube.com/watch?v=cnqIIF0rdvY&feature=emb_title"
}
